@MISC {MyReferenceID,
  AUTHOR    = {Lastname1, Firstname1 and Lastname2, Firstname2 and Lastname3, Firstname3},
  TITLE     = {This is an interesting title},
  PUBLISHER = {Best publisher, Inc.},
  YEAR      = {1970},
  }
